@article{doi:10.1080/02664760802684177,
author = { Gianluca   Baio  and  Marta   Blangiardo },
title = {Bayesian hierarchical model for the prediction of football results},
journal = {Journal of Applied Statistics},
volume = {37},
number = {2},
pages = {253-264},
year  = {2010},
publisher = {Taylor & Francis},
doi = {10.1080/02664760802684177},

URL = { 
        https://doi.org/10.1080/02664760802684177  
},
eprint = { 
        https://doi.org/10.1080/02664760802684177
}
}
